<?xml version="1.0" encoding="UTF-8"?><record xmlns="http://www.loc.gov/MARC21/slim" xmlns:cinclude="http://apache.org/cocoon/include/1.0" xmlns:zs="http://www.loc.gov/zing/srw/">
  <leader>00632nz  a2200169n  4500</leader>
  <controlfield tag="001">n 2015185782</controlfield>
  <controlfield tag="003">DLC</controlfield>
  <controlfield tag="005">20150714044106.0</controlfield>
  <controlfield tag="008">150714n| azannaabn          |n aaa      </controlfield>
  <datafield tag="010" ind1=" " ind2=" ">
    <subfield code="a">n 2015185782</subfield>
  </datafield>
  <datafield tag="035" ind1=" " ind2=" ">
    <subfield code="a">(DNLM)1657640</subfield>
  </datafield>
  <datafield tag="040" ind1=" " ind2=" ">
    <subfield code="a">DNLM</subfield>
    <subfield code="b">eng</subfield>
    <subfield code="c">DNLM</subfield>
    <subfield code="e">rda</subfield>
  </datafield>
  <datafield tag="046" ind1=" " ind2=" ">
    <subfield code="f">1973</subfield>
  </datafield>
  <datafield tag="100" ind1="1" ind2=" ">
    <subfield code="a">Lussier, Patrick,</subfield>
    <subfield code="d">1973-</subfield>
  </datafield>
  <datafield tag="670" ind1=" " ind2=" ">
    <subfield code="a">Pathways to sexual aggression, 2014:</subfield>
    <subfield code="b">t.p. (Patrick Lussier) contributors p. (Faculty of Social Sciences, Laval University, Quebec City, Canada)</subfield>
  </datafield>
  <datafield tag="670" ind1=" " ind2=" ">
    <subfield code="a">OCLC, June 23, 2015</subfield>
    <subfield code="b">(hdg.: Lussier, Patrick, 1973- ; usage: Patrick Lussier)</subfield>
  </datafield>
  <datafield tag="670" ind1=" " ind2=" ">
    <subfield code="a">VIAF, viewed June 23, 2015</subfield>
    <subfield code="b">(Lussier, Patrick, 1973-)</subfield>
  </datafield>
</record>